00535cas a22002053a 4500
001 999290553502836
003 Nz
005 20160321142641.0
008 040105d18741874nz  r ne      0   0 mao d
035    $a (NLNZils)929055
035    $a (OCoLC)173421509
035    $a (Nz)8157109
035    $a (NLNZils)929055-ilsdb
040    $a WN $c WN
042    $a nznb
043    $a u-nz---
245 00 $a Hua o te mohiotanga ma nga tangata Maori.
260    $a [New Zealand : $b s.n., $c 1874]
362 0  $a 1874 Sep.15,18
655  7 $a New Zealand newspapers. $2 local $5 Nz
